<record><leader>00000cas a2200000Ia 4500</leader><controlfield tag="001">16744370</controlfield><controlfield tag="008">870924d19351936vaumr ne      0   a0eng d</controlfield><datafield ind1=" " ind2=" " tag="010"><subfield code="a">sn 99066965 </subfield></datafield><datafield ind1=" " ind2=" " tag="040"><subfield code="a">VA@</subfield><subfield code="b">eng</subfield><subfield code="c">VA@</subfield><subfield code="d">NVK</subfield><subfield code="d">OCLCQ</subfield></datafield><datafield ind1=" " ind2=" " tag="043"><subfield code="a">n-us-va</subfield></datafield><datafield ind1=" " ind2=" " tag="090"><subfield code="a">SD144.V8</subfield><subfield code="b">R6</subfield></datafield><datafield ind1="0" ind2="0" tag="245"><subfield code="a">Roosevelt news letter.</subfield></datafield><datafield ind1=" " ind2=" " tag="260"><subfield code="a">Edinburg, Va. :</subfield><subfield code="b">C.C.C. Co. 322,</subfield><subfield code="c">1935-1936.</subfield></datafield><datafield ind1=" " ind2=" " tag="300"><subfield code="a">v. :</subfield><subfield code="b">ill. ;</subfield><subfield code="c">28 cm.</subfield></datafield><datafield ind1=" " ind2=" " tag="310"><subfield code="a">Monthly</subfield></datafield><datafield ind1="0" ind2=" " tag="362"><subfield code="a">Vol. 1, no. 1 (Dec. 20, 1935)-v. 1, no. 5 (Mar. 3, 1936).</subfield></datafield><datafield ind1=" " ind2=" " tag="500"><subfield code="a">Mimeographed.</subfield></datafield><datafield ind1=" " ind2=" " tag="530"><subfield code="a">Available on microfilm from the Center for Research Libraries.</subfield></datafield><datafield ind1="2" ind2="0" tag="610"><subfield code="a">Civilian Conservation Corps (U.S.)</subfield><subfield code="v">Newspapers.</subfield></datafield><datafield ind1=" " ind2="0" tag="651"><subfield code="a">Edinburg (Va.)</subfield><subfield code="v">Newspapers.</subfield></datafield><datafield ind1="2" ind2=" " tag="710"><subfield code="a">Civilian Conservation Corps (U.S.).</subfield><subfield code="b">Company 322 (Edinburg, Va.)</subfield></datafield><datafield ind1=" " ind2=" " tag="752"><subfield code="a">United States</subfield><subfield code="b">Virginia</subfield><subfield code="c">Shenandoah</subfield><subfield code="d">Edinburg.</subfield></datafield><datafield ind1="0" ind2="0" tag="785"><subfield code="t">Rooseveltian (Edinburg, Va.)</subfield><subfield code="w">(DLC)sn 99066801</subfield></datafield></record>